@book{renan1882qu,
  title={Qu'est-ce qu'une nation?},
  author={Renan, Ernest},
  year={1882}
}

@article{rossol2010performing,
  title={Performing the nation: Sports, spectacles, and aesthetics in Germany, 1926-1936},
  author={Rossol, Nadine},
  journal={Central European History},
  volume={43},
  number={4},
  pages={616--638},
  year={2010},
  publisher={JSTOR}
}

@book{hobsbawm2012invention,
  title={The invention of tradition},
  author={Hobsbawm, Eric and Ranger, Terence},
  year={2012},
  publisher={Cambridge University Press}
}

@misc{Eidgenossenschaft_hsl_2012,
    author={Würgler, Andreas},
   title = {Eidgenossenschaft},
   howpublished =  {https://hls-dhs-dss.ch/de/articles/026413/2012-02-08/},
   booktitle = {{Historisches Lexikon der Schweiz (HLS)}},
   note = {Accessed: 2021-04-22},
   year = {2012}
}

@phdthesis{zimmer1999forging,
  title={Forging the Swiss nation, 1760-1939: Popular memory, patriotic invention, and competing conceptions of nationhood.},
  author={Zimmer, Oliver},
  year={1999},
  school={London School of Economics and Political Science (United Kingdom)}
}



@article{ladner2018schweizer,
  title={Der Schweizer F{\"o}deralismus im Wandel: {\"U}berlegungen und empirische Befunde zur territorialen Gliederung und der Organisation der staatlichen Aufgabenerbringung in der Schweiz},
  author={Ladner, Andreas and Mathys, Laetitia},
  year={2018},
  publisher={IDHEAP}
}


@article{locke2013two,
  title={Two Treatises of government, 1689},
  author={Locke, John},
  journal={The anthropology of citizenship: A reader},
  pages={43--46},
  year={2013}
}


@book{rousseau2018rousseau,
  title={Rousseau: The Social Contract and other later political writings},
  author={Rousseau, Jean-Jacques},
  year={2018},
  publisher={Cambridge University Press}
}

@article{wimmer2011swiss,
  title={A Swiss anomaly? A relational account of national boundary-making},
  author={Wimmer, Andreas},
  journal={Nations and Nationalism},
  volume={17},
  number={4},
  pages={718--737},
  year={2011},
  publisher={Wiley Online Library}
}


@article{ipperciel2001habermas,
  title={Habermas, Taylor et le nationalisme qu{\'e}b{\'e}cois},
  author={Ipperciel, Donald},
  journal={Dialogue: Canadian Philosophical Review/Revue canadienne de philosophie},
  volume={40},
  number={3},
  pages={529--544},
  year={2001},
  publisher={Cambridge University Press}
}


@article{babadzan1999invention,
  title={L'invention des traditions et le nationalisme},
  author={Babadzan, Alain},
  journal={Journal de la Soci{\'e}t{\'e} des Oc{\'e}anistes},
  volume={109},
  number={2},
  pages={13--35},
  year={1999},
  publisher={Soci{\'e}t{\'e} des Oc{\'e}anistes}
}

@article{ipperciel2007suisse,
  title={La Suisse: un cas d'exception pour le nationalisme?},
  author={Ipperciel, Donald},
  journal={Swiss political science review},
  volume={13},
  number={1},
  pages={39--67},
  year={2007},
  publisher={Wiley Online Library}
}

@inproceedings{godechot1971nation,
  title={Nation, patrie, nationalisme et patriotisme en France au XVIII e si{\`e}cle},
  author={Godechot, Jacques},
  booktitle={Annales historiques de la R{\'e}volution fran{\c{c}}aise},
  pages={481--501},
  year={1971},
  organization={JSTOR}
}

@article{gellner1991nationalisme,
  title={Le nationalisme en apesanteur},
  author={Gellner, Ernest},
  journal={Terrain. Anthropologie \& sciences humaines},
  number={17},
  pages={7--16},
  year={1991},
  publisher={Association Terrain}
}

@article{hermet1997populisme,
  title={Populisme et nationalisme},
  author={Hermet, Guy},
  journal={Vingti{\`e}me si{\`e}cle. Revue d'histoire},
  pages={34--47},
  year={1997},
  publisher={JSTOR}
}

@article{dieckhoff1996deconstruction,
  title={La d{\'e}construction d'une illusion. L'introuvable opposition entre nationalisme politique et nationalisme culturel},
  author={Dieckhoff, Alain},
  journal={L'Ann{\'e}e sociologique (1940/1948-)},
  pages={43--55},
  year={1996},
  publisher={JSTOR}
}

@book{gutzwiller2008droit,
  title={Droit de la nationalit{\'e} et f{\'e}d{\'e}ralisme en Suisse},
  author={Gutzwiller, C{\'e}line},
  year={2008},
  publisher={Schulthess}
}

@article{darmau1988ambiguites,
  title={Les ambigu{\"\i}t{\'e}s de Renan: Nation, Nationalisme, Internationalisme},
  author={Darmau, Fr{\'e}d{\'e}ric},
  journal={Raison pr{\'e}sente},
  volume={86},
  number={1},
  pages={27--35},
  year={1988},
  publisher={Pers{\'e}e-Portail des revues scientifiques en SHS}
}

@incollection{argast2003citoyennete,
  title={Citoyennet{\'e}, nationalit{\'e} et formation nationale en Suisse 1798-1925},
  author={Argast, Regula and Arlettaz, Silvia and Arlettaz, G{\'e}rald},
  booktitle={Sonderdruck aus: Studien und Quellen/Etudes et Sources-Integration und Ausschluss/Int{\'e}gration et Exclusion},
  number={29},
  pages={129--160},
  year={2003},
  publisher={Haupt}
}

@article{lalande2013limites,
  title={Aux limites de la nation: les th{\'e}ories du nationalisme et le d{\'e}bat conceptuel sur l'articulation du racisme et du nationalisme},
  author={Lalande Bernatchez, Jonathan},
  year={2013},
  publisher={Universit{\'e} du Qu{\'e}bec {\`a} Montr{\'e}al}
}

@article{scriba2007siegfried,
  title={Siegfried Weichlein, Nationalbewegungen und Nationalismus in Europa, Darmstadt},
  author={Scriba, Friedemann},
  journal={Comparativ},
  volume={17},
  number={1},
  pages={141--143},
  year={2007}
}

@article{imhof1993nationalismus,
  title={Nationalismus, Nationalstaat und Minderheiten: Zu einer Soziologie der Minorit{\"a}ten},
  author={Imhof, Kurt},
  journal={Soziale Welt},
  pages={327--357},
  year={1993},
  publisher={JSTOR}
}

@book{langewiesche2000nation,
  title={Nation, Nationalismus, Nationalstaat in Deutschland und Europa},
  author={Langewiesche, Dieter},
  volume={1399},
  year={2000},
  publisher={Beck}
}


@misc{NationstateBritannica,
  title = {Nation-state},
  publisher = {Editors of Encyclopaedia Britannica},
  author = {{Editors Encyclopaedia Britannica}},
  year={n.d.},
  howpublished = {\url{https://www.britannica.com/topic/nation-state}},
  note = {Accessed: 2021-04-23}
}

@misc{Bundesbriefe_hsl_2012,
    author={Stettler, Bernhard},
   title = {Bundesbriefe},
   booktitle = {{Historisches Lexikon der Schweiz (HLS)}},
   howpublished = {\url{https://hls-dhs-dss.ch/de/articles/009600/2010-05-07/}},
   note = {Accessed: 2021-04-22},
   year = {2012}
}



@inproceedings{Sinclair1991CorpusCC,
  title={Corpus, Concordance, Collocation},
  author={J. Sinclair},
  year={1991}
}

@inproceedings{Ehrmann2020LanguageRF,
  title={Language Resources for Historical Newspapers: the Impresso Collection},
  author={Maud Ehrmann and Matteo Romanello and S. Clematide and P. Str{\"o}bel and Rapha{\"e}l Barman},
  booktitle={LREC},
  year={2020}
}

@article{Twenge2012IncreasesII,
  title={Increases in Individualistic Words and Phrases in American Books, 1960–2008},
  author={J. Twenge and W. Campbell and B. Gentile},
  journal={PLoS ONE},
  year={2012},
  volume={7}
}

@article{Purhonen2018BetweenLA,
  title={Between legitimization and popularization: the rise and reception of U.S. cultural products in culture sections of quality European newspapers, 1960–2010},
  author={Semi Purhonen and Tina Lauronen and Riie Heikkil{\"a}},
  journal={American Journal of Cultural Sociology},
  year={2018},
  pages={1-30}
}

@article{helbling2011switzerland,
  title={Switzerland: challenging the big theories of nationalism 1},
  author={Helbling, Marc and Stojanovi{\'c}, Nenad},
  journal={Nations and nationalism},
  volume={17},
  number={4},
  pages={712--717},
  year={2011},
  publisher={Wiley Online Library}
}

@article{wilnerswissification,
  title={{The Swiss-ification of Ethnic Conflict. Historical Lessons in Nation-Building from the Swiss Example}},
  author={Wilner, A. S.},
  journal={Federal Governance},
  volume={6},
  number={1},
  year={2009}
}

@inproceedings{Baron2009WordFA,
  title={Word frequency and key word statistics in corpus linguistics},
  author={A. Baron and Paul Rayson and D. Archer},
  year={2009}
}

@book{anderson2006imagined,
  title={Imagined communities: Reflections on the origin and spread of nationalism},
  author={Anderson, Benedict},
  year={2006},
  publisher={Verso books}
}

@book{gellner2008nations,
  title={Nations and nationalism},
  author={Gellner, Ernest},
  year={2008},
  publisher={Cornell University Press}
}

@book{weber1978economy,
  title={Economy and society: An outline of interpretive sociology},
  author={Weber, Max},
  volume={1},
  year={1978},
  publisher={Univ of California Press}
}

@book{kohn1956nationalism,
  title={Nationalism and Liberty: The Swiss Example},
  author={Kohn, Hans},
  year={1956},
  publisher={G. Allen \& Unwin}
}

@book{deutsch1953nationalism,
  title={Nationalism and social communication: An inquiry into the foundations of nationality},
  author={Deutsch, Karl Wolfgang},
  volume={34},
  year={1953},
  publisher={Cambridge, MIT press}
}



@book{tschudi1734chronicon,
  title={Chronicon Helveticum: 1},
  author={Tschudi, Aegidius},
  volume={1},
  year={1734}
}

@book{MuellerJohannes1780,
  title={Die Geschichte der Schweizer},
  author={Müller, Johannes IX},
  volume={1},
  year={1780},
  publisher={Neue typogr. Ges.}
}





@article{seippel1900schweiz,
  title={Die Schweiz im 19},
  author={Seippel, Paul},
  journal={Jahrhundert. Herausgegeben von schweizerischen Schriftstellern},
  volume={3},
  year={1900}
}




@misc{NationKreis_hsl_2012,
    author={Kreis, Georg},
   title = {Nation},
   booktitle = {{Historisches Lexikon der Schweiz (HLS)}},
   howpublished = {\url{https://hls-dhs-dss.ch/de/articles/017437/2011-04-26/}},
  note = {Accessed: 2021-04-22},
   year = {2011}
}

@misc{LandesverteidigungJorio_hsl_2012,
    author={Jorio, Marco},
   title = {Geistige Landesverteidigung},
   booktitle = {{Historisches Lexikon der Schweiz (HLS)}},
   howpublished = {\url{https://hls-dhs-dss.ch/de/articles/017426/2006-11-23/}},
  note = {Accessed: 2021-04-22},
   year = {2006}
}




@book{conseilFederal1938,
  title={Message du Conseil fédéral à l'Assemblée fédérale concernant les moyens de maintenir et de faire connaître le patrimoine spirituel de la Confédération},
  author={{Conseil fédéral de la Suisse }},
  volume={II du 9 décembre 1938},
  year={1938},
  publisher={FEUILLE FÉDÉRALE}
}


@misc{TresGrandBibliotheque,
	author ={{Bibliothèque nationale de France}},
	title ={Très Grande Bibliothèque},
	address = {Paris},
	howpublished ={Available at \url{http://api.bnf.fr/documents-de-gallica-produits-au-format-tei-par-obvil}(2021/04/22)},
	year = {2018}}


@misc{DeutscheTextArchive,
	author ={{Berlin-Brandenburgischen Akademie der Wissenschaften}},
	title ={Deutsches Textarchiv. Grundlage für ein Referenzkorpus der neuhochdeutschen Sprache.},
	address = {Berlin},
	howpublished ={Available at \url{https://www.deutschestextarchiv.de/}(2021/04/22)},
	year = {2021}}	
	
	
	
	@article{gebru2017using,
  title={Using deep learning and Google Street View to estimate the demographic makeup of neighborhoods across the United States},
  author={Gebru, Timnit and Krause, Jonathan and Wang, Yilun and Chen, Duyun and Deng, Jia and Aiden, Erez Lieberman and Fei-Fei, Li},
  journal={Proceedings of the National Academy of Sciences},
  volume={114},
  number={50},
  pages={13108--13113},
  year={2017},
  publisher={National Acad Sciences}
}



@inproceedings{lecoutre2017recognizing,
  title={Recognizing art style automatically in painting with deep learning},
  author={Lecoutre, Adrian and Negrevergne, Benjamin and Yger, Florian},
  booktitle={Asian conference on machine learning},
  pages={327--342},
  year={2017},
  organization={PMLR}
}
